@Book{sco,
 author = {Andrew S Tanenbaum, Todd Austin},
 title = {Structured computer organization},
 publisher = {Pearson},
 year = {2013},
 address = {Boston},
 isbn = {978-0-273-76924-8}
 }

@techreport{RFC1122,
  author = {Robert Braden},
  title = {Requirements for Internet Hosts - Communication Layers},
  howpublished = {Internet Requests for Comments},
  type = {STD},
  number = {3},
  year = {1989},
  month = {October},
  issn = {2070-1721},
  publisher = {RFC Editor},
  institution = {RFC Editor},
  url = {http://www.rfc-editor.org/rfc/rfc1122.txt},
  note = {\url{http://www.rfc-editor.org/rfc/rfc1122.txt}},
}

@INPROCEEDINGS{7830659,
author={J. {Weerasinghe} and F. {Abel} and C. {Hagleitner} and A. {Herkersdorf}},
booktitle={2016 IEEE International Conference on Cloud Computing Technology and Science (CloudCom)},
title={Disaggregated FPGAs: Network Performance Comparison against Bare-Metal Servers, Virtual Machines and Linux Containers},
year={2016},
volume={},
number={},
pages={9-17},
keywords={computer centres;field programmable gate arrays;Linux;microprocessor chips;virtual machines;throughput;network latency;standalone network-attached FPGA;network-attached computing resource;CPU;memory module;standalone computing module;storage module;overall power efficiency improvement;power computation;DC infrastructures;data centers;field programmable gate arrays;Linux containers;virtual machines;bare-metal servers;network performance comparison;disaggregated FPGA;Field programmable gate arrays;Servers;IP networks;Prototypes;Ports (Computers);Memory management;network-attached;disaggregated;FPGA;data center},
doi={10.1109/CloudCom.2016.0018},
ISSN={},
month={Dec},}
