% https://notesofaprogrammer.blogspot.com/2014/11/bibtex-entries-for-ietf-rfcs-and.html

@Book{sco,
 author = {Andrew S Tanenbaum, Todd Austin},
 title = {Structured computer organization},
 publisher = {Pearson},
 year = {2013},
 address = {Boston},
 isbn = {978-0-273-76924-8}
 }

@Book{minix_book,
 author = {Andrew S. Tanenbaum, Albert S. Woodhull},
 title = {Operating Systems, Design and Implementation, 3rd. ed, "The MINIX book"},
 publisher = {Pearson},
 year = {2015},
 isbn = {978-93-325-5051-3}
 }

@techreport{RFC1122,
  author = {Robert Braden},
  title = {Requirements for Internet Hosts - Communication Layers},
  howpublished = {Internet Requests for Comments},
  type = {STD},
  number = {3},
  year = {1989},
  month = {October},
  issn = {2070-1721},
  publisher = {RFC Editor},
  institution = {RFC Editor},
  url = {http://www.rfc-editor.org/rfc/rfc1122.txt},
  note = {\url{http://www.rfc-editor.org/rfc/rfc1122.txt}},
}

@techreport{RFC1945,
  author = {Tim Berners-Lee and Roy T. Fielding and Henrik Frystyk Nielsen},
  title = {Hypertext Transfer Protocol -- HTTP/1.0},
  howpublished = {Internet Requests for Comments},
  type = {RFC},
  number = {1945},
  year = {1996},
  month = {May},
  issn = {2070-1721},
  publisher = {RFC Editor},
  institution = {RFC Editor},
  url = {http://www.rfc-editor.org/rfc/rfc1945.txt},
  note = {\url{http://www.rfc-editor.org/rfc/rfc1945.txt}},
}

@techreport{RFC0114,
  author = {A.K. Bhushan},
  title = {File Transfer Protocol},
  howpublished = {Internet Requests for Comments},
  type = {RFC},
  number = {114},
  year = {1971},
  month = {April},
  issn = {2070-1721},
  publisher = {RFC Editor},
  institution = {RFC Editor},
}


@techreport{RFC0788,
  author = {J. Postel},
  title = {Simple Mail Transfer Protocol},
  howpublished = {Internet Requests for Comments},
  type = {RFC},
  number = {788},
  year = {1981},
  month = {November},
  issn = {2070-1721},
  publisher = {RFC Editor},
  institution = {RFC Editor},
}



@techreport{X.200,
  author = {TELECOMMUNICATION STANDARDIZATION SECTOR OF ITU},
  title = {Open Systems Interconnection - Basic Reference Model: The basic model},
  howpublished = "\url{https://www.itu.int/rec/dologin_pub.asp?lang=e&id=T-REC-X.200-199407-I!!PDF-E&type=items}",
  type = {STD},
  year = {1994},
  month = {November},
  publisher = {International Telecommunication Union},
  institution = {ITU},
  note         = "[Online; accessed 2019-04-29, Archived by WebCite \textregistered at \url{http://www.webcitation.org/77zmViPac} ]"
}


@misc{DARPA_internet,
  author       = {Mitch Waldrop},
  title        = {DARPA AnD the Internet RevolutIon},
  howpublished = "\url{https://www.darpa.mil/attachments/(2O15)%20Global%20Nav%20-%20About%20Us%20-%20History%20-%20Resources%20-%2050th%20-%20Internet%20(Approved).pdf}",
  note         = "[Online; accessed 2019-04-29, Archived by WebCite \textregistered at \url{http://www.webcitation.org/77zkNxkL8} ]"
}

@misc{ni_fpga,
  author = {National Instruments},
  title = {FPGA Fundamentals},
  howpublished = "\url{http://www.ni.com/da-dk/innovations/white-papers/08/fpga-fundamentals.html}",
  year = {2019},
  month = {March},
  publisher = {National Instruments},
  note         = "[Online; accessed 2019-05-12, Archived by WebCite \textregistered at \url{http://www.webcitation.org/78K4kDEjB} ]"
}

@misc{xilinx_fpga,
  author = {Xilinx Inc.},
  title = {What is an FPGA?},
  howpublished = "\url{https://www.xilinx.com/products/silicon-devices/fpga/what-is-an-fpga.html}",
  year = {2019},
  publisher = {National Instruments},
  note         = "[Online; accessed 2019-05-12, Archived by WebCite \textregistered at \url{http://www.webcitation.org/78K4ocp7U} ]"
}



@Book{osc_ku,
 author = {Silberschatz, Abraham},
 title = {Operating system concepts},
 publisher = {Wiley},
 year = {2014},
 address = {City},
 isbn = {978-1-118-09375-7}
 }

@Book{love,
 author = {Love, Robert},
 title = {Linux kernel development, third edition},
 publisher = {Addison-Wesley},
 year = {2010},
 address = {Upper Saddle River, NJ},
 isbn = {978-0-672-32946-3}
 }

@Book{COD5,
 author = {Patterson, David},
 title = {Computer organization and design : the hardware/software interface},
 publisher = {Morgan Kaufmann},
 year = {2014},
 address = {Oxford Waltham, MA, USA},
 isbn = {978-0-12-407726-3}
 }

@inproceedings{sme_for_hardware_designs,
author = {Vinter, Brian and Skovhede, Kenneth},
year = {2014},
month = {08},
title = {Synchronous Message Exchange for Hardware Designs}
}

@inproceedings{bus_centric_sme,
author = {Vinter, Brian and Skovhede, Kenneth},
year = {2015},
month = {08},
pages = {},
title = {Bus Centric Synchronous Message Exchange for Hardware Designs}
}

@inproceedings{PyCSP,
author = {Markus Bj√∏rndalen, John and Vinter, Brian and J. Anshus, Otto},
year = {2007},
month = {01},
pages = {229-248},
title = {PyCSP - Communicating Sequential Processes for Python.},
volume = {65},
journal = {Concurrent Systems Engineering Series}
}

@inproceedings{smeil,
author = {Truls Asheim},
year = {2018},
title = {A Domain Specific Language for Synchronous Message Exchange Networks}
}

@inproceedings{TCP_offload_dumb_idea,
author = {Jeffrey C. Mogul},
year = {2003},
month = {05},
publisher = {USENIX Association},
title = {TCP offload is a dumb idea whose time has come},
journal = {Concurrent Systems Engineering Series}
}

@misc{xilinx_100g_nic,
  author = {Xilinx Inc.},
  title = {100G NIC with PP Integration},
  howpublished = "\url{https://www.xilinx.com/applications/data-center/network-appliances/100g-nic-pp-integration.html}",
  note         = "[Online; accessed 2019-05-13, Archived by WebCite \textregistered at \url{http://www.webcitation.org/78L0it9n0}] "
}

@techreport{microchip_enc424j600,
  author = {Microchip Technology Inc},
  title = {ENC424J600/624J600 Data Sheet, Stand-Alone 10/100 Ethernet Controller with SPI or Parallel Interface},
  howpublished = "\url{http://ww1.microchip.com/downloads/en/DeviceDoc/39935b.pdf}",
  type = {Data Sheet},
  year = {2009},
  institution = {Microchip Technology Inc.},
}

@inproceedings{packetdrill,
title	= {packetdrill: Scriptable Network Stack Testing, from Sockets to Packets},
author	= {Neal Cardwell and Yuchung Cheng and Lawrence Brakmo and Matt Mathis and Barath Raghavan and Nandita Dukkipati and Hsiao-keng Jerry Chu and Andreas Terzis and Tom Herbert},
year	= {2013},
URL	= {https://www.usenix.org/conference/atc13/packetdrill-scriptable-network-stack-testing-sockets-packets},
booktitle	= {Proceedings of the USENIX Annual Technical Conference (USENIX ATC 2013)},
pages	= {213--218},
address	= {2560 Ninth Street, Suite 215,  Berkeley, CA, 94710 USA}
}

@article{drilling_with_packetdrill,
title	= {Drilling Network Stacks with packetdrill},
author	= {Neal Cardwell and Barath Raghavan},
year	= {2013},
journal	= {USENIX ;login:},
pages	= {48--52},
volume	= {38}
}

@misc{xilinx_fpga_automotive,
  author = {Xilinx Inc.},
  title = {Powering Next-Generation Automotive Solutions},
  howpublished = "\url{https://www.xilinx.com/applications/automotive.html}",
  year = {2019},
  publisher = {Xilinx Inc.}
}

@misc{xilinx_fpga_audio,
  author = {Xilinx Inc.},
  title = {Powering Next-Generation Automotive Solutions},
  howpublished = "\url{https://www.xilinx.com/applications/audio.html}",
  year = {2019},
  publisher = {Xilinx Inc.}
}

@misc{bing_search_fpga,
  author = {Bing},
  title = {Bing Launches More Intelligent Search Features},
  howpublished = "\url{https://blogs.bing.com/search/march-2018/Bing-Launches-More-Intelligent-Search-Features}",
  year = {2018},
  publisher = {Microsoft Corporation}
}

@Book{fpga_for_dummies,
  author = {Andrew Moore, Ron Wilson},
  title = {FPGA for dummies},
  publisher = {John Wiley \& Sons, Inc.},
  year = {2017},
  address = {111 River St., Hoboken, NJ 07030-5774},
  isbn = {978-1-119-39049-7}
 }

@Book{tcpip_illustrated_vol3,
 author = {Stevens, W},
 title = {TCP/IP illustrated},
 publisher = {Addison-Wesley Pub. Co},
 year = {1994},
 address = {Reading, Mass},
 isbn = {978-0201634952}
 }

 @Book{tcpip_illustrated_vol2,
 author = {WRIGHT, GARY},
 title = {TCP/IP ILLUSTRATED, VOLUME 2 (PAPERBACK) : the implementation},
 publisher = {ADDISON-WESLEY},
 year = {2017},
 address = {Place of publication not identified},
 isbn = {978-0134760131}
 }